<?xml version="1.0" encoding="UTF-8"?>
<record xmlns="http://www.loc.gov/MARC21/slim" xmlns:xsi="http://www.w3.org/2001/XMLSchema-instance" xsi:schemaLocation="http://www.loc.gov/MARC21/slim http://www.loc.gov/standards/marcxml/schema/MARC21slim.xsd">
<leader>00000cam a22      i 4500</leader>
<controlfield tag="001">001679645</controlfield>
<controlfield tag="003">NNU</controlfield>
<controlfield tag="005">20160119154818.0</controlfield>
<controlfield tag="008">850617s1966    iq       b    000 0 araod</controlfield>
<datafield tag="035" ind1=" " ind2=" ">
<subfield code="a">(OCoLC)61739250</subfield>
</datafield>
<datafield tag="040" ind1=" " ind2=" ">
<subfield code="a">LGG</subfield>
<subfield code="b">eng</subfield>
<subfield code="c">LGG</subfield>
<subfield code="d">OCLCF</subfield>
<subfield code="d">OCLCO</subfield>
<subfield code="d">OCLCQ</subfield>
<subfield code="d">NNU</subfield>
</datafield>
<datafield tag="043" ind1=" " ind2=" ">
<subfield code="a">a------</subfield>
<subfield code="a">f------</subfield>
</datafield>
<datafield tag="050" ind1=" " ind2="4">
<subfield code="a">LA99</subfield>
<subfield code="b">.M37 1966</subfield>
</datafield>
<datafield tag="100" ind1="1" ind2=" ">
<subfield code="6">880-01</subfield>
<subfield code="a">Maʻrūf, Nājī.</subfield>
</datafield>
<datafield tag="245" ind1="1" ind2="0">
<subfield code="6">880-02</subfield>
<subfield code="a">Nashʼat al-madāris al-mustaqillah fī al-Islām /</subfield>
<subfield code="c">Nājī Maʻrūf.</subfield>
</datafield>
<datafield tag="246" ind1="1" ind2="4">
<subfield code="a">Origin and development of colleges in Islam</subfield>
</datafield>
<datafield tag="260" ind1=" " ind2=" ">
<subfield code="6">880-03</subfield>
<subfield code="a">Baghdād :</subfield>
<subfield code="b">Maṭbaʻat al-Azhar,</subfield>
<subfield code="c">1966.</subfield>
</datafield>
<datafield tag="300" ind1=" " ind2=" ">
<subfield code="a">32 pages ;</subfield>
<subfield code="c">24 cm</subfield>
</datafield>
<datafield tag="336" ind1=" " ind2=" ">
<subfield code="a">text</subfield>
<subfield code="b">txt</subfield>
<subfield code="2">rdacontent</subfield>
</datafield>
<datafield tag="337" ind1=" " ind2=" ">
<subfield code="a">unmediated</subfield>
<subfield code="b">n</subfield>
<subfield code="2">rdamedia</subfield>
</datafield>
<datafield tag="338" ind1=" " ind2=" ">
<subfield code="a">volume</subfield>
<subfield code="b">nc</subfield>
<subfield code="2">rdacarrier</subfield>
</datafield>
<datafield tag="504" ind1=" " ind2=" ">
<subfield code="a">Includes bibliographical references (pages 28-29).</subfield>
</datafield>
<datafield tag="650" ind1=" " ind2="0">
<subfield code="a">Universities and colleges</subfield>
<subfield code="z">Islamic countries.</subfield>
</datafield>
<datafield tag="650" ind1=" " ind2="0">
<subfield code="a">Islamic education.</subfield>
</datafield>
<datafield tag="650" ind1=" " ind2="7">
<subfield code="a">Islamic education.</subfield>
<subfield code="2">fast</subfield>
<subfield code="0">(OCoLC)fst00979927</subfield>
</datafield>
<datafield tag="650" ind1=" " ind2="7">
<subfield code="a">Universities and colleges.</subfield>
<subfield code="2">fast</subfield>
<subfield code="0">(OCoLC)fst01161597</subfield>
</datafield>
<datafield tag="651" ind1=" " ind2="7">
<subfield code="a">Islamic countries.</subfield>
<subfield code="2">fast</subfield>
<subfield code="0">(OCoLC)fst01244130</subfield>
</datafield>
<datafield tag="880" ind1="1" ind2=" ">
<subfield code="6">100-01/</subfield>
<subfield code="a">معروف، ناجي.</subfield>
</datafield>
<datafield tag="880" ind1="1" ind2="0">
<subfield code="6">245-02/</subfield>
<subfield code="a">نشأة المدارس المستقلة في الإسلام /</subfield>
<subfield code="c">[تأليف] ناجي معروف.</subfield>
</datafield>
<datafield tag="880" ind1=" " ind2=" ">
<subfield code="6">260-03/</subfield>
<subfield code="a">بغداد :</subfield>
<subfield code="b">مطبعة الأزهر،</subfield>
<subfield code="c">1966.</subfield>
</datafield>
<datafield tag="OWN" ind1=" " ind2=" ">
<subfield code="a">GENERAL</subfield>
</datafield>
<datafield tag="AVA" ind1=" " ind2=" ">
<subfield code="a">NYU50</subfield>
<subfield code="b">BOBST</subfield>
<subfield code="c">Main Collection</subfield>
<subfield code="d">LA99 .M3</subfield>
<subfield code="e">unavailable</subfield>
<subfield code="t">Unavailable</subfield>
<subfield code="f">1</subfield>
<subfield code="g">1</subfield>
<subfield code="h">N</subfield>
<subfield code="i">2</subfield>
<subfield code="j">MAIN</subfield>
<subfield code="k">0</subfield>
</datafield>
</record>
